@Inbook{ha:architecture,
    author    = {Holger Bock Axelsen and
               Robert Gl{\"{u}}ck and
               Tetsuo Yokoyama},
    title     = {Reversible Machine Code and Its Abstract Processor   Architecture},
    booktitle = {Computer Science - Theory and Applications, Second   International Symposium
                 on Computer Science in Russia, {CSR} 2007, Ekaterinburg,     Russia, September
                 3-7, 2007, Proceedings},
    pages     = {56--69},
    year      = {2007},
    crossref  = {DBLP:conf/csr/2007},
}

@proceedings{DBLP:conf/csr/2007,
  editor    = {Volker Diekert and
               Mikhail V. Volkov and
               Andrei Voronkov},
  title     = {Computer Science - Theory and Applications, Second International Symposium
               on Computer Science in Russia, {CSR} 2007, Ekaterinburg, Russia, September
               3-7, 2007, Proceedings},
  series    = {Lecture Notes in Computer Science},
  volume    = {4649},
  publisher = {Springer},
  year      = {2007},
}

@Inbook{ty:janus,
    author    = {Tetsuo Yokoyama and
               Robert Glück},
    title     = {A reversible programming language and its invertible self-interpreter},
    booktitle = {Proceedings of the 2007 {ACM} {SIGPLAN} Workshop on Partial Evaluation
                 and Semantics-based Program Manipulation, 2007, Nice, France, January
                 15-16, 2007},
    pages     = {144--153},
    year      = {2007},
    crossref  = {DBLP:conf/pepm/2007},
}

@proceedings{DBLP:conf/pepm/2007,
  editor    = {G. Ramalingam and
               Eelco Visser},
  title     = {Proceedings of the 2007 {ACM} {SIGPLAN} Workshop on Partial Evaluation
               and Semantics-based Program Manipulation, 2007, Nice, France, January
               15-16, 2007},
  publisher = {{ACM}},
  year      = {2007},
}

@Inbook{ty:ejanus,
    author    = {Tetsuo Yokoyama and
               Holger Bock Axelsen and
               Robert Glück},
    title     = {Principles of a reversible programming language},
    booktitle = {Proceedings of the 5th Conference on Computing Frontiers, 2008, Ischia,
                 Italy, May 5-7, 2008},
    pages     = {43--54},
    year      = {2008},
    crossref  = {DBLP:conf/cf/2008},
}

@proceedings{DBLP:conf/cf/2008,
  editor    = {Alex Ramírez and
               Gianfranco Bilardi and
               Michael Gschwind},
  title     = {Proceedings of the 5th Conference on Computing Frontiers, 2008, Ischia,
               Italy, May 5-7, 2008},
  publisher = {{ACM}},
  year      = {2008},
}

@Inbook{ty:rfun,
    author    = {Tetsuo Yokoyama and
               Holger Bock Axelsen and
               Robert Glück},
    title     = {Towards a Reversible Functional Language},
    booktitle = {Reversible Computation - Third International Workshop, {RC} 2011,
                 Gent, Belgium, July 4-5, 2011. Revised Papers},
    pages     = {14--29},
    year      = {2011},
    crossref  = {DBLP:conf/rc/2011},
}

@proceedings{DBLP:conf/rc/2011,
  editor    = {Alexis De Vos and
               Robert Wille},
  title     = {Reversible Computation - Third International Workshop, {RC} 2011,
               Gent, Belgium, July 4-5, 2011. Revised Papers},
  series    = {Lecture Notes in Computer Science},
  volume    = {7165},
  publisher = {Springer},
  year      = {2012},
}

@Inbook{mt:bob,
    author    = {Michael Kirkedal Thomsen and
               Holger Bock Axelsen and
               Robert Glück},
    title     = {A Reversible Processor Architecture and Its Reversible Logic Design},
    booktitle = {Reversible Computation - Third International Workshop, {RC} 2011,
                 Gent, Belgium, July 4-5, 2011. Revised Papers},
    pages     = {30--42},
    year      = {2011},
    crossref  = {DBLP:conf/rc/2011},
}

@Inbook{ha:translation,
    author    = {Holger Bock Axelsen},
    title     = {Clean Translation of an Imperative Reversible Programming Language},
    booktitle = {Compiler Construction - 20th International Conference, {CC} 2011,
                 Held as Part of the Joint European Conferences on Theory and Practice
                 of Software, {ETAPS} 2011, Saarbrücken, Germany, March
                 26-April 3, 2011. Proceedings},
    pages     = {144--163},
    year      = {2011},
    crossref  = {DBLP:conf/cc/2011},
}

@proceedings{DBLP:conf/cc/2011,
  editor    = {Jens Knoop},
  title     = {Compiler Construction - 20th International Conference, {CC} 2011,
               Held as Part of the Joint European Conferences on Theory and Practice
               of Software, {ETAPS} 2011, Saarbrücken, Germany, March
               26-April 3, 2011. Proceedings},
  series    = {Lecture Notes in Computer Science},
  volume    = {6601},
  publisher = {Springer},
  year      = {2011},
}

@article{tm:partial,
    title = "Partial Evaluation of the Reversible Language Janus",
    author = "Torben Ægidius Mogensen",
    year = "2011",
    journal = "PEPM '11: Proceedings of the 20th ACM SIGPLAN Workshop on Partial Evaluation and Program Manipulation",
    pages = "23 - 32"
}

@phdthesis{mkc:reversible,
    title = "Design of Reversible Computing Systems",
    author = "Michael Kirkedal Carøe",
    year = "2012",
    school = "University of Copenhagen, DIKU"
}

@Inbook{ha:heap,
    author    = {Holger Bock Axelsen and
               Robert Glück},
    title     = {Reversible Representation and Manipulation of Constructor Terms in
                 the Heap},
    booktitle = {Reversible Computation - 5th International Conference, {RC} 2013,
                 Victoria, BC, Canada, July 4-5, 2013. Proceedings},
    pages     = {96--109},
    year      = {2013},
    crossref  = {DBLP:conf/rc/2013},
}

@proceedings{DBLP:conf/rc/2013,
  editor    = {Gerhard W. Dueck and
               D. Michael Miller},
  title     = {Reversible Computation - 5th International Conference, {RC} 2013,
               Victoria, BC, Canada, July 4-5, 2013. Proceedings},
  series    = {Lecture Notes in Computer Science},
  volume    = {7948},
  publisher = {Springer},
  year      = {2013},
}

@mastersthesis{jsk:translation,
    title = "Translation of a Reversible Functional Programming Language",
    author = "Jonas Stig Kämpf Hansen",
    year = "2014",
    school = "University of Copenhagen, DIKU"
}

@Inbook{tm:refcounting,
    author    = {Torben Ægidius Mogensen},
    title     = {Reference Counting for Reversible Languages},
    booktitle = {Reversible Computation - 6th International Conference, {RC} 2014,
                 Kyoto, Japan, July 10-11, 2014. Proceedings},
    pages     = {82--94},
    year      = {2014},
    crossref  = {DBLP:conf/rc/2014},
}

@proceedings{DBLP:conf/rc/2014,
  editor    = {Shigeru Yamashita and
               Shin{-}ichi Minato},
  title     = {Reversible Computation - 6th International Conference, {RC} 2014,
               Kyoto, Japan, July 10-11, 2014. Proceedings},
  series    = {Lecture Notes in Computer Science},
  volume    = {8507},
  publisher = {Springer},
  year      = {2014},
}

@Inbook{tm:garbage,
	author    = {Torben Ægidius Mogensen},
    title     = {Garbage Collection for Reversible Functional Languages},
    booktitle = {Reversible Computation - 7th International Conference, {RC} 2015,
                 Grenoble, France, July 16-17, 2015, Proceedings},
    pages     = {79--94},
    year      = {2015},
    crossref  = {DBLP:conf/rc/2015},
}

@proceedings{DBLP:conf/rc/2015,
  editor    = {Jean Krivine and
               Jean{-}Bernard Stefani},
  title     = {Reversible Computation - 7th International Conference, {RC} 2015,
               Grenoble, France, July 16-17, 2015, Proceedings},
  series    = {Lecture Notes in Computer Science},
  volume    = {9138},
  publisher = {Springer},
  year      = {2015},
}

@article{th:roopl,
    title = "Design and Implementation of a Reversible Object-Oriented Programming Language",
    author = "Tue Haulund",
    year = "2016",
    school = "University of Copenhagen, DIKU",
    journal   = {CoRR},
    volume    = {abs/1707.07845},
    year      = {2017},
}


@misc{bv:jvm,
   author = "Bill Venners",
   title = "The Java Virtual Machine",
   institution = "Aritma, Inc.",
   url = "http://www.artima.com/insidejvm/ed2/jvmP.html",
   urldate = "2018-01-22"
}

@misc{hb:linearity,
    author = "Henry G. Baker",
    title = "'Use-Once' Variables and Linear Objects -- Storage Management, Reflection and Multi-Threading",
    institution = "Nimble Computer Corporation",
    url = "http://home.pipeline.com/~hbaker1/Use1Var.html",
    urldate = "2018-01-22"
}

@misc{py:memory,
   title = "Python Software Foundation: Memory Management",
   institution = "The Python Software Foundation",
   url = "https://docs.python.org/2/c-api/memory.html",
   urldate = "2018-01-22"
}

@article{wh:cpp_memory,
	author    = {Woo Hyong Lee and Morris Chang},
    title     = {A study of dynamic memory management in {C++} programs},
    journal   = {Comput. Lang.},
    volume    = {28},
    number    = {3},
    pages     = {237--272},
    year      = {2002},
}

@unpublished{tm:languages,
	title = "Programming Language Design and Implementation (Unpublished)",
	author = "Torben Ægidius Mogensen",
    pages = "65-93"
}

@book{wi:semantics,
    author = {Winskel, Glynn},
    title = {The Formal Semantics of Programming Languages: An Introduction},
    year = {1993},
    publisher = {MIT Press},
    address = {Cambridge, MA, USA},
} 

@article{bloomberg:facebook,
    title = "Inside the Arctic Circle, Where Your Facebook Data Lives",
    author = "Ashlee Vance",
    year = "2013-12-04",
    journal = "Bloomberg",
    url = "https://www.bloomberg.com/news/articles/2013-10-04/facebooks-new-data-center-in-sweden-puts-the-heat-on-hardware-makers",
    urldate = "2018-01-22"
}

@article{digiconomist:bitcoin,
    title = "Bitcoin Energy Consumption Index",
    author = "Digiconomist",
    year = "2017-12-06",
    journal = "Digiconomist",
    url = "https://digiconomist.net/bitcoin-energy-consumption",
    urldate = "2018-01-22"
}

@article{rl:irreversibility,
    title = "Irreversibility and Heat Generation in the Computing Process",
    author = "Rolf Landauer",
    year = "1961",
    journal = "IBM Journal of Research and Development",
    volume = "5",
    number = "3",
    pages = "183 - 191"
}

@mastersthesis{cv:pendulum,
    title = "Pendulum: A Reversible Computer Architecture",
    author = "Carlin James Vieri",
    year = "1993",
    school = "University of California at Berkeley"
}

@unpublished{cl:janus,
    title = "Janus: a time-reversible language",
    author = "Christopher Lutz",
    year = "1986",
    note = "Letter to R. Landauer"
}

@unpublished{mf:r,
    title = "The R Programming Language and Compiler",
    author = "M. P. Frank",
    year = "1997",
    note = "MIT Reversible Computing Project Memo \#M8"
}

@Inbook{th:roopl2,
    author    = {Tue Haulund and
               Torben Ægidius Mogensen and
               Robert Glück},
    title     = {Implementing Reversible Object-Oriented Language Features on Reversible
                 Machines},
    booktitle = {Reversible Computation - 9th International Conference, {RC} 2017,
                 Kolkata, India, July 6-7, 2017, Proceedings},
    pages     = {66--73},
    year      = {2017},
    crossref  = {DBLP:conf/rc/2017},
}

@proceedings{DBLP:conf/rc/2017,
  editor    = {Iain Phillips and
               Hafizur Rahaman},
  title     = {Reversible Computation - 9th International Conference, {RC} 2017,
               Kolkata, India, July 6-7, 2017, Proceedings},
  series    = {Lecture Notes in Computer Science},
  volume    = {10301},
  publisher = {Springer},
  year      = {2017},
}

@misc{cr:pendvm,
   author = "Cristopher R. Clark",
   title = "Improving the Reversible Programming Language R and its Supporting Tools",
   institution = "University of Florida",
   url = "http://www.cise.ufl.edu/research/revcomp/users/cclark/pendvm-fall2001/",
   urldate = "2018-01-22"
}

@Inbook{us:joule,
    author    = {Ulrik Pagh Schultz and
               Holger Bock Axelsen},
    title     = {Elements of a Reversible Object-Oriented Language - Work-in-Progress
                 Report},
    booktitle = {Reversible Computation - 8th International Conference, {RC} 2016,
                 Bologna, Italy, July 7-8, 2016, Proceedings},
    pages     = {153--159},
    year      = {2016},
    crossref  = {DBLP:conf/rc/2016},
}

@proceedings{DBLP:conf/rc/2016,
  editor    = {Simon J. Devitt and
               Ivan Lanese},
  title     = {Reversible Computation - 8th International Conference, {RC} 2016,
               Bologna, Italy, July 7-8, 2016, Proceedings},
  series    = {Lecture Notes in Computer Science},
  volume    = {9720},
  publisher = {Springer},
  year      = {2016},
}


@article{rg:rwhile,
    title="A Linear-Time Self-Interpreter of a Reversible Imperative Language",
    author="Robert Glück and Tetsuo Yokoyama",
    journal="Computer Software",
    volume="33",
    number="3",
    pages="108-128",
    year="2016",
}

@article{rg:rcore,
    author    = {Robert Gl{\"{u}}ck and
               Tetsuo Yokoyama},
    title     = {A Minimalist's Reversible While Language},
    journal   = {{IEICE} Transactions},
    volume    = {100-D},
    number    = {5},
    pages     = {1026--1034},
    year      = {2017},
}

@book{jm:concepts,
    author = "Mitchell, John C. and Apt, Krzysztof",
    title = "Concepts in Programming Languages",
    year = "2001",
    isbn = "0521780985",
    publisher = "Cambridge University Press",
    address = "New York, NY, USA", 
} 

@book{dk:taocp,
    title= {The Art of Computer Programming: Fundamental Algorithms},
    series = {The Art of Computer Programming},
    author = {Knuth, Donald Erwin},
    publisher = {Addison-Wesley},
    year = {1998},
    isbn = {0-201-89683-4},
    pages = {435--455},
}